@article{Barluenga2008PdCatalyzed,
	author = {Barluenga, Jos{\' e} and Tom{\' a}sGamasa, Mar{\' i}a and Moriel, Patricia and Aznar, Fernando and Vald{\' e}s, Carlos},
	journal = {Chemistry -- A European Journal},
	doi = {10.1002/chem.200800390},
	issn = {0947-6539},
	number = {16},
	year = {2008},
	month = {may 20},
	pages = {4792--4795},
	publisher = {Wiley},
	title = {PdCatalyzed {CrossCoupling} {Reactions} with {Carbonyls}: Application in a {Very} {Efficient} {Synthesis} of 4Aryltetrahydropyridines},
	url = {http://dx.doi.org/10.1002/chem.200800390},
	volume = {14},
}


@article{Alagiri2012CDC,
	author = {Alagiri, Kaliyamoorthy and Devadig, Pradeep and Prabhu, Kandikere R.},
	journal = {Chemistry -- A European Journal},
	doi = {10.1002/chem.201200100},
	issn = {0947-6539},
	number = {17},
	year = {2012},
	month = {mar 19},
	pages = {5160--5164},
	publisher = {Wiley},
	title = {CDC {Reactions} of \textit{{N}}{Aryl} {Tetrahydroisoquinolines} {Using} {Catalytic} {Amounts} of {DDQ}: CH {Activation} under {Aerobic} {Conditions}},
	url = {http://dx.doi.org/10.1002/chem.201200100},
	volume = {18},
}


@article{Yin2011Facile,
	author = {Yin, Liang and Kanai, Motomu and Shibasaki, Masakatsu},
	journal = {Angewandte Chemie International Edition},
	doi = {10.1002/anie.201102158},
	issn = {1433-7851},
	number = {33},
	year = {2011},
	month = {6},
	pages = {7620--7623},
	publisher = {Wiley},
	title = {A {Facile} {Pathway} to {Enantiomerically} {Enriched} 3Hydroxy2Oxindoles: Asymmetric {Intramolecular} {Arylation} of $\alpha${Keto} {Amides} {Catalyzed} by a {Palladium}--{DifluorPhos} {Complex}},
	url = {http://dx.doi.org/10.1002/anie.201102158},
	volume = {50},
}


@article{Sirsch2012HydrideHydride,
	author = {Sirsch, Peter and Che, Franklin N. and Titah, James T. and McGrady, G. Sean},
	journal = {Chemistry -- A European Journal},
	doi = {10.1002/chem.201200803},
	issn = {0947-6539},
	number = {31},
	year = {2012},
	month = {jun 22},
	pages = {9476--9480},
	publisher = {Wiley},
	title = {Hydride--{Hydride} {Bonding} {Interactions} in the {Hydrogen} {Storage} {Materials} {AlH}\textsubscript{3}, {MgH}\textsubscript{2}, and {NaAlH}\textsubscript{4}},
	url = {http://dx.doi.org/10.1002/chem.201200803},
	volume = {18},
}


@article{Putu2012Analisis,
	author = {Putu, Indrayani},
	year = {2012},
	title = {Analisis {Pemahaman} {Makroskopik}, {Mikroskopik} dan {Simbolik} {Titrasi} {Asam}-{Basa} {Siswa} {Kelas} {XI} {IPA} {SMA} serta {Upaya} {Perbaikannya} {Dengan} {Pendekatan} {Mikroskopik}. ({Tesis})},
}

