@article{Edward2005Implementing,
	author = {Edward, E. Anderson and R., Taraban and M., P. Sharma},
	year = {2005},
	title = {Implementing and {Assessing} {Computer}- based {Active} {Learning} {Materials} in {Introductory} {Thermodynamics}*},
}


@article{Clark2003Helping,
	author = {Clark, Douglas and Jorde, Doris},
	journal = {Journal of Research in Science Teaching},
	doi = {10.1002/tea.10097},
	issn = {0022-4308},
	number = {1},
	year = {2003},
	month = {dec 30},
	pages = {1--23},
	publisher = {Wiley},
	title = {Helping students revise disruptive experientially supported ideas about thermodynamics: Computer visualizations and tactile models},
	url = {http://dx.doi.org/10.1002/TEA.10097},
	volume = {41},
}


@article{McLure2020Teaching,
	author = {McLure, Felicity and Won, Mihye and Treagust, David F},
	journal = {Physics Education},
	doi = {10.1088/1361-6552/ab6c3c},
	issn = {0031-9120},
	number = {3},
	year = {2020},
	month = {feb 11},
	pages = {035007},
	publisher = {IOP Publishing},
	title = {Teaching thermal physics to {Year} 9 students: the thinking frames approach},
	url = {http://dx.doi.org/10.1088/1361-6552/ab6c3c},
	volume = {55},
}


@article{Sari2023Applying,
	author = {Sari, Lasmita and Adimayuda, Rizal and Gumilar, Surya and Nurahman, Arip and Ashel, Hazrati},
	journal = {Tadris: Jurnal Keguruan dan Ilmu Tarbiyah},
	doi = {10.24042/tadris.v8i1.14607},
	issn = {2579-7964},
	number = {1},
	year = {2023},
	month = {jun 29},
	pages = {209--220},
	publisher = {Raden Intan State Islamic University of Lampung},
	title = {Applying {Problem}-{Based} {Learning} in {Thermodynamics} to {Enhance} {Comprehension} of {Physics} {Concepts} and {Argumentation} {Skills}},
	url = {http://dx.doi.org/10.24042/tadris.v8i1.14607},
	volume = {8},
}


@article{Russell2004Role,
	author = {Russell, David W. and Lucas, Keith B. and McRobbie, Campbell J.},
	journal = {Journal of Research in Science Teaching},
	doi = {10.1002/tea.10129},
	issn = {0022-4308},
	number = {2},
	year = {2004},
	month = {jan 27},
	pages = {165--185},
	publisher = {Wiley},
	title = {Role of the microcomputerbased laboratory display in supporting the construction of new understandings in thermal physics},
	url = {http://dx.doi.org/10.1002/TEA.10129},
	volume = {41},
}


@inproceedings{Vilanculo2021Use,
	author = {Vilanculo, Jossias Arnaldo and Mutumucuio, Inocente Vasco and Silva, Carlos Santos},
	booktitle = {2021 4th {International} {Conference} of the {Portuguese} {Society} for {Engineering} {Education} ({CISPEE})},
	doi = {10.1109/cispee47794.2021.9507217},
	year = {2021},
	month = {jun 21},
	pages = {1--6},
	organization = {IEEE},
	title = {Use of {Active} {Teaching}-{Learning} {Methodologies} in {Approaching} the {Basic} {Concepts} of {Engineering} {Education}: Influence of the {Experimental} {Approach} to {Students}' {Alternative} {Conceptions} in {Learning} the {Concepts} of {Heat} and {Temperature}},
	url = {http://dx.doi.org/10.1109/CISPEE47794.2021.9507217},
}


@article{Poggi2016Teaching,
	author = {Poggi, Valeria and Miceli, Cristina and Testa, Italo},
	journal = {Physics Education},
	doi = {10.1088/1361-6552/52/1/015018},
	issn = {0031-9120},
	number = {1},
	year = {2016},
	month = {dec 8},
	pages = {015018},
	publisher = {IOP Publishing},
	title = {Teaching energy using an integrated science approach},
	url = {http://dx.doi.org/10.1088/1361-6552/52/1/015018},
	volume = {52},
}


@article{Zarate2023Modelo,
	author = {Z{\' a}rate-Moedano, Ram{\' o}n and Su{\' a}rez-Medell{\' i}n, Jorge Manuel and P{\' e}rez-Hern{\' a}ndez, Rosa Luz},
	journal = {Uniciencia},
	doi = {10.15359/ru.37-1.22},
	issn = {2215-3470},
	number = {1},
	year = {2023},
	month = {jun 22},
	pages = {1--19},
	publisher = {Universidad Nacional de Costa Rica},
	title = {Modelo 5E para la ense{\~ n}anza de la termodin{\' a}mica. {Dise}{\~ n}o y evaluaci{\' o}n de secuencias de ense{\~ n}anza-aprendizaje},
	url = {http://dx.doi.org/10.15359/ru.37-1.22},
	volume = {37},
}


@inproceedings{Hasanah2023Building,
	author = {Hasanah, Syifa'ul and Parno, Parno and Hidayat, Arif and Supriana, Edi and Yuliati, Lia and Latifah, Eny and Ali, Marlina},
	booktitle = {AIP {Conference} {Proceedings}},
	doi = {10.1063/5.0112511},
	issn = {0094-243X},
	year = {2023},
	pages = {050007},
	organization = {AIP Publishing},
	title = {Building students' creative thinking ability through {STEM} integrated project-based learning with formative assessment on thermodynamics topics},
	url = {http://dx.doi.org/10.1063/5.0112511},
	volume = {2569},
}


@article{Martha2020Didactic,
	author = {Martha, Patricia Hern{\' a}ndez Bravo and A., O. Valdivia and Carlos, Monta{\~ n}o Osornio and Y., M. Vargas-Rodr{\' i}guez},
	year = {2020},
	title = {Didactic {Strategy}: Interactive {Digital} {Board} in {Teaching} {Learning} {Heat} {Capacity} for {High} {School}},
}


@article{Vilanculo2020Active,
	author = {Vilanculo, Jossias Arnaldo and Mutimucuio, Inocente Vasco and Silva, Carlos Santos},
	journal = {Revista Cient{\' i}fica Multidisciplinar N{\' u}cleo do Conhecimento},
	doi = {10.32749/nucleodoconhecimento.com.br/education/heat-and-temperature},
	issn = {2448-0959},
	year = {2020},
	month = {sep 30},
	pages = {84--107},
	publisher = {Revista Cientifica Multidisciplinar Nucleo Do Conhecimento},
	title = {Active methodologies for teaching and learning physics: Case study of the formulation of heat and temperature concepts},
	url = {http://dx.doi.org/10.32749/nucleodoconhecimento.com.br/education/heat-and-temperature},
}


@article{Komaromi2019Space,
	author = {Kom{\' a}romi, A},
	journal = {Journal of Physics: Conference Series},
	doi = {10.1088/1742-6596/1286/1/012006},
	issn = {1742-6588},
	number = {1},
	year = {2019},
	month = {aug 1},
	pages = {012006},
	publisher = {IOP Publishing},
	title = {Space mishap as a stimulus context for thermal conduction exploration in secondary school},
	url = {http://dx.doi.org/10.1088/1742-6596/1286/1/012006},
	volume = {1286},
}


@inbook{Malgieri2021Teaching,
	author = {Malgieri, Massimiliano and De Ambrosis, Anna and Di Savino, Monica and Onorato, Pasquale},
	booktitle = {Challenges in {Physics} {Education}},
	doi = {10.1007/978-3-030-78720-2_10},
	isbn = {9783030787196},
	issn = {2662-8422},
	year = {2021},
	pages = {149--162},
	publisher = {Springer International Publishing},
	title = {Teaching {Thermal} {Phenomena} and {Irreversibility} {Through} {Playable} {Dice} and {Coin} {Toy} {Models}},
	url = {http://dx.doi.org/10.1007/978-3-030-78720-2_10},
}


@article{Shimeles2017Effectiveness,
	author = {Shimeles, Assefa and A., Asgedom},
	doi = {10.0971/SEDI.V19I1.37},
	year = {2017},
	title = {Effectiveness of the {Integrated} {Model} of {Conceptual} {Change} in {Teaching} {Science}: The {Case} of {Grade} 12 {Thermodynamics} {Learning} at a {Secondary} {School} in {Addis} {Ababa}},
}


@article{ArticleStudies,
	author = {Article, Info and Arman, Serrano},
	title = {Studies in {Technology} and {Education}},
}


@article{D2016Ensino,
	author = {D., Faria},
	year = {2016},
	title = {Ensino de {Termoqu}{\' i}mica numa abordagem investigativa e {CTS} envolvendo os conceitos de calor, temperatura, energia cin{\' e}tica e energia potencial},
}


@article{H2016El,
	author = {H., D. Jim{\' e}nez and Marco, Negrete and A., L{\' o}pez-Ortega},
	year = {2016},
	title = {El uso del aprendizaje cooperativo para la ense{\~ n}anza de los conceptos de calor y temperatura a nivel medio superior},
}


@article{Erasmo2018Uma,
	author = {Erasmo, Carlos Grasselli},
	year = {2018},
	title = {Uma abordagem das m{\' a}quinas t{\' e}rmicas no ensino da termodin{\^ a}mica sob a {\' o}tica da aprendizagem significativa},
}


@article{C2019Diseno,
	author = {C., Plata},
	year = {2019},
	title = {Dise{\~ n}o e implementaci{\' o}n de gu{\' i}as de termodin{\' a}mica con enfoque probl{\' e}mico como estrategia para la ense{\~ n}anza - aprendizaje},
}


@article{undefined2019Uma,
	author = {A., L. Silva},
	year = {2019},
	title = {Uma proposta para aprendizagem de calorimetria utilizando a plataforma arduino em uma sequ{\^ e}ncia did{\' a}tica diversificada},
}


@article{M2008Effective,
	author = {M., Rankhumise},
	year = {2008},
	title = {Effective teaching of energy in mechanics},
}


@article{M2019Aprendizaje,
	author = {M., T. Torres and Katherine, Luc{\' i}a Mej{\' i}a Rodr{\' i}guez},
	year = {2019},
	title = {Aprendizaje basado en proyectos : estrategia pedag{\' o}gica que posibilita el aprendizaje de la primera ley de la termodin{\' a}mica},
}


@article{S2017DESENVOLVIMENTO,
	author = {S., Corr{\^ e}a and M., Martins},
	year = {2017},
	title = {DESENVOLVIMENTO {DE} {UMA} {SEQU}{\^ {E}}{NCIA} {DID}{\' {A}}{TICA} {PARA} {O} {ENSINO} {DA} {TEM}{\' {A}}{TICA} {CALOR} {COM} {HIPERM}{\' {I}}{DIAS}},
}


@article{Ana2013Sequencia,
	author = {Ana, Marli Bulegon and L., Tarouco},
	year = {2013},
	title = {Sequ{\^ e}ncia did{\' a}tica com o uso de objetos de aprendizagem como aux{\' i}lio ao desenvolvimento do pensamento cr{\' i}tico na aprendizagem de termodin{\^ a}mica no ensino m{\' e}dio},
}


@article{J2019Design,
	author = {J., Leach and D., Orfanidou},
	year = {2019},
	title = {Design, implementation and evaluation of a research-informed teaching sequence about energy},
}

